@inproceedings{rpki-paper,
  title={RPKI is Coming of Age: A Longitudinal Study of RPKI Deployment and Invalid Route Origins},
  author={Chung, Taejoong and others},
  booktitle={Proceedings of the Internet Measurement Conference},
  pages={406--419},
  year={2019}
}

@online{bgp,
    title={Border Gateway Protocol},
    year={2020},
    url={https://en.wikipedia.org/wiki/Border_Gateway_Protocol}
}

@online{rirs,
    title={Regional Internet Registry},
    year={2020},
    url={https://en.wikipedia.org/wiki/Regional_Internet_registry}
}

@online{rpki-wiki,
    title={Resource Public Key Infrastructure},
    year={2020},
    url={https://en.wikipedia.org/wiki/Resource_Public_Key_Infrastructure}
}

@techreport{mrt-rfc,
    author={L. Blunk and others},
    title={Multi-Threaded Routing Toolkit (MRT) Routing Information Export Format},
    howpublished={Internet Request for Comments},
    type={RFC},
    number={6396},
    year={2011},
    month={October},
    issn={2070-1721},
    publisher={RFC Editor},
    institution={RFC Editor},
    url={https://www.rfc-editor.org/rfc/rfc6396.html}
}

@inproceedings{bgp-misconfigurations,
    author={Mahajan, Ratul and others},
    title={Understanding BGP Misconfiguration},
    year={2002}
}

@online{apnic-ziggy,
    title={Leaping through RPKI history with Ziggy},
    author={Roland van Rijswijk-Deij},
    year={2020},
    month={August},
    url={https://blog.apnic.net/2019/08/30/leaping-through-rpki-history-with-ziggy/}
}

@online{bgpstream,
    title={BGPStream},
    author={CAIDA},
    year={2020},
    url={https://bgpstream.com}
}

@online{bgpreader,
    title={BGPReader},
    author={CAIDA},
    year={2020},
    url={https://bgpstream.caida.org/docs/tools/bgpreader}
}

@online{ziggy,
    title={Ziggy},
    author={NLnetLabs},
    year={2019},
    url={https://github.com/NLnetLabs/ziggy}
}

@online{routinator,
    title={Routinator},
    author={NLnetLabs},
    year={2019},
    url={https://nlnetlabs.nl/projects/rpki/routinator}
}

@online{rv,
    title={RouteViews},
    author={RouteViews},
    year={2020},
    url={https://www.routeviews.org/routeviews}
}

@online{rv-map,
    title={RouteViews Visibility Map},
    author={University of Oregon Infographics Lab and others},
    year={2020},
    url={https://www.routeviews.org/routeviews/index.php/map/}
}

@inproceedings{black-holes,
    title={A First Joint Look at DoS Attacks and BGP Blackholing in the Wild},
    author={Jonker, Mattijs and others},
    booktitle={Proceedings of the Internet Measurement Conference},
    pages={},
    year={2018}
}

@online{black-holes-mitigation,
    title={Black hole routes: The good, the bad, and the ugly},
    author={David Davis},
    year={2008},
    url={https://www.techrepublic.com/blog/data-center/black-hole-routes-the-good-the-bad-and-the-ugly/}
}

@online{bgp-hijacking,
    title={BGP hijacking},
    year={2020},
    url={https://en.wikipedia.org/wiki/BGP_hijacking}
}

@online{rpki-hierarchy,
    title={RPKI Hierarchy},
    year={2020},
    url={https://blog.apnic.net/wp-content/uploads/2019/06/rpki_hierarchy.png}
}
